@article{einstein,
  title = {Ãœber Einen Die {{Erzeugung}} Und {{Verwandlung}} Des {{Lichtes}}
           Betreffenden Heuristischen {{Gesichtspunkt}}},
  author = {Einstein, A.},
  date = {1905-01},
  journaltitle = {Annalen der Physik},
  shortjournal = {Annalen der Physik},
  volume = {322},
  number = {6},
  pages = {132--148},
  issn = {0003-3804, 1521-3889},
  doi = {10.1002/andp.19053220607},
  url = {https://onlinelibrary.wiley.com/doi/10.1002/andp.19053220607},
  urldate = {2024-01-07},
  langid = {german},
}

@book{giancoliNatuurkundeDeelMechanica2022,
  title = {Natuurkunde / Deel 1, Mechanica en thermodynamica / Nederlandstalige
           bewerking: Dirk Poelman, Jan Ryckebusch ; vertaling [uit het Engels]:
           Josefien Bruijn},
  shorttitle = {Natuurkunde / Deel 1, Mechanica en thermodynamica /
                Nederlandstalige bewerking},
  author = {Giancoli, Douglas C.},
  editor = {Poelman, Dirk and Ryckebusch, Jan},
  translator = {Bruijn, Josefien},
  date = {2022},
  edition = {Vijfde editie},
  publisher = {{Pearson}},
  location = {{Amsterdam}},
  isbn = {978-90-430-3723-5},
  langid = {dutch},
  annotation = {OCLC: 1311495422},
}
